@Article{Matsumoto85,
  author = 	 {Matsumoto, Takashi and Chua, Leon O. and Komuro, Motomasa},
  title = 	 {The Double Scroll},
  journal = 	 {IEEE Transactions on Circuits and Systems},
  year = 	 {1985},
  OPTkey = 	 {},
  volume = 	 {32},
  number = 	 {8},
  pages = 	 {797-818},
  month = 	 {August},
  OPTnote = 	 {},
  OPTannote = 	 {}
}
@Article{Chua86,
  author = 	 {Chua, Leon O. and Komuro, Motomasa and Matsumoto, Takashi},
  title = 	 {The Double Scroll Family},
  journal = 	 {IEEE Transactions on Circuits and Systems},
  year = 	 {1986},
  OPTkey = 	 {},
  volume = 	 {33},
  number = 	 {11},
  pages =	 {1072-1118},
  month =	 {November},
  OPTnote = 	 {},
  OPTannote = 	 {}
}


@Article{Matsumoto84,
  author = 	 {Matsumoto, Takashi},
  title = 	 {A chaotic attractor from Chua's circuit},
  journal = 	 {IEEE Transactions on Circuits and Systems},
  year = 	 {1984},
  OPTkey = 	 {},
  volume =	 {31},
  number =	 {12},
  pages =	 {1055-1058},
  month =	 {December},
  OPTnote = 	 {},
  OPTannote = 	 {}
}

@Book{hirsch12,
  author =	 {Hirsh, Morris W. and Smale, Stephen and Devaney, Robert L.},
  ALTeditor = 	 {},
  title = 	 {Differential Equations, Dynamical Systems, and an Introduction to Chaos},
  publisher = 	 {Academic Press},
  year = 	 {2012},
  OPTkey = 	 {},
  OPTvolume = 	 {},
  OPTnumber = 	 {},
  OPTseries = 	 {},
  OPTaddress = 	 {},
  edition =	 {3rd},
  OPTmonth = 	 {},
  note =	 {ISBN: 9780123820112},
  OPTannote = 	 {}
}

